<?xml version="1.0" encoding="UTF-8"?>
<collection xmlns:xsi="http://www.w3.org/2001/XMLSchema-instance" xsi:schemaLocation="http://www.loc.gov/MARC21/slim http://www.loc.gov/standards/marcxml/schema/MARC21slim.xsd" xmlns="http://www.loc.gov/MARC21/slim">
<record>
  <leader>01145nam a2200265   4500</leader>
  <controlfield tag="001">2537986</controlfield>
  <controlfield tag="003">NNC</controlfield>
  <controlfield tag="005">20030429131150.0</controlfield>
  <controlfield tag="008">840829m19341937ua a          000 0cara  </controlfield>
  <datafield tag="010" ind1=" " ind2=" ">
    <subfield code="a">   74211110 /NE</subfield>
  </datafield>
  <datafield tag="035" ind1=" " ind2=" ">
    <subfield code="a">(OCoLC)ocm11102994</subfield>
  </datafield>
  <datafield tag="035" ind1=" " ind2=" ">
    <subfield code="9">AQL9367CU</subfield>
  </datafield>
  <datafield tag="040" ind1=" " ind2=" ">
    <subfield code="a">DLC</subfield>
    <subfield code="c">IXA</subfield>
    <subfield code="d">IXA</subfield>
    <subfield code="d">ZCU</subfield>
  </datafield>
  <datafield tag="050" ind1=" " ind2=" ">
    <subfield code="a">DT107.2.A53</subfield>
    <subfield code="b">A34 1934</subfield>
  </datafield>
  <datafield tag="090" ind1=" " ind2=" ">
    <subfield code="a">DT107</subfield>
    <subfield code="b">.A34</subfield>
  </datafield>
  <datafield tag="100" ind1="0" ind2=" ">
    <subfield code="a">Aḥmad Shafīq,</subfield>
    <subfield code="d">1860-1940.</subfield>
  </datafield>
  <datafield tag="245" ind1="1" ind2="0">
    <subfield code="a">Mudhakkaratī fī niṣf qarn /</subfield>
    <subfield code="c">bi-qalam Aḥmad Shafīq Bāshā.</subfield>
  </datafield>
  <datafield tag="250" ind1=" " ind2=" ">
    <subfield code="a">al-Ṭabʻah 1.</subfield>
  </datafield>
  <datafield tag="260" ind1=" " ind2=" ">
    <subfield code="a">al-Qāhirah :</subfield>
    <subfield code="b">Maṭbaʻat Miṣr,</subfield>
    <subfield code="c">1934-[37?]</subfield>
  </datafield>
  <datafield tag="300" ind1=" " ind2=" ">
    <subfield code="a">3 v. in 4. :</subfield>
    <subfield code="b">illus. ;</subfield>
    <subfield code="c">25 cm.</subfield>
  </datafield>
  <datafield tag="500" ind1=" " ind2=" ">
    <subfield code="a">Vol. 3, with imprint: Dār "Majallatī" lil-Ṭabʻ wa-al-Nashr lacks ed. statement.</subfield>
  </datafield>
  <datafield tag="505" ind1="0" ind2=" ">
    <subfield code="a">Juzʾ 1. Min sanat 1373 ilā 8 Yanāyir sanat 1892.--Juzʾ 2 ʻAbbās Ḥilmī al-Thānī : Qism 1. Min Yanāyir sanat 1892 ilá sanat 1902.  Qism 2. Min Yanāyir sanat 1903 ilá sanat 1914 2v.--Juzʾ 3. ʻAbbās Ḥilmī wa-al-Ḥarb al-ʻUẓmá, 1915-1923.</subfield>
  </datafield>
  <datafield tag="600" ind1="0" ind2="0">
    <subfield code="a">Aḥmad Shafīq,</subfield>
    <subfield code="d">1860-1940.</subfield>
  </datafield>
  <datafield tag="651" ind1=" " ind2="0">
    <subfield code="a">Egypt</subfield>
    <subfield code="x">History</subfield>
    <subfield code="y">British occupation, 1882-1936.</subfield>
  </datafield>
  <datafield tag="955" ind1=" " ind2=" ">
    <subfield code="b">CU17928737</subfield>
    <subfield code="d">off,glx</subfield>
    <subfield code="e">DT107 .A34</subfield>
    <subfield code="v">v.1</subfield>
  </datafield>
</record>
</collection>